<record><leader>00000cas a22000007a 4500</leader><controlfield tag="001">11715049</controlfield><controlfield tag="008">850220d18731922nyuwr ne      0    0eng d</controlfield><datafield ind1=" " ind2=" " tag="010"><subfield code="a">sn 85054098 </subfield></datafield><datafield ind1=" " ind2=" " tag="040"><subfield code="a">NYG</subfield><subfield code="b">eng</subfield><subfield code="c">NYG</subfield><subfield code="d">NPX</subfield><subfield code="d">NYG</subfield><subfield code="d">NYS</subfield><subfield code="d">OCLCQ</subfield><subfield code="d">NYG</subfield><subfield code="d">OCLCF</subfield></datafield><datafield ind1="1" ind2=" " tag="029"><subfield code="a">AU@</subfield><subfield code="b">000020369006</subfield></datafield><datafield ind1=" " ind2=" " tag="042"><subfield code="a">msc</subfield></datafield><datafield ind1="0" ind2=" " tag="130"><subfield code="a">Whitehall chronicle (Whitehall, N.Y. : 1873)</subfield></datafield><datafield ind1="1" ind2="4" tag="245"><subfield code="a">The Whitehall chronicle.</subfield></datafield><datafield ind1=" " ind2=" " tag="260"><subfield code="a">Whitehall, N.Y. :</subfield><subfield code="b">W.H. Tefft &amp; Co.</subfield></datafield><datafield ind1=" " ind2=" " tag="300"><subfield code="a">v. :</subfield><subfield code="b">ill.</subfield></datafield><datafield ind1=" " ind2=" " tag="310"><subfield code="a">Weekly</subfield></datafield><datafield ind1="1" ind2=" " tag="362"><subfield code="a">Began in 1873?</subfield></datafield><datafield ind1="1" ind2=" " tag="362"><subfield code="a">Ceased in 1922?</subfield><subfield code="z">Cf. Gregory, W. Amer. newspapers.</subfield></datafield><datafield ind1=" " ind2=" " tag="500"><subfield code="a">"Republican," &lt;1876&gt;.</subfield></datafield><datafield ind1=" " ind2=" " tag="500"><subfield code="a">Publishers: W.H. Tefft &amp; Co., &lt;1874&gt;; William H. Tefft, &lt;1876-1877&gt;.</subfield></datafield><datafield ind1=" " ind2=" " tag="530"><subfield code="a">Available on microfilm from Capital Microfilm Services, Inc.</subfield></datafield><datafield ind1=" " ind2=" " tag="580"><subfield code="a">Continues: Washington County news (Whitehall, N.Y.). Cf. Hist. of Washington Co., N.Y., 1878.</subfield></datafield><datafield ind1=" " ind2=" " tag="588"><subfield code="a">Description based on: New ser., v. 1, no. 10 (Jan. 31, 1874).</subfield></datafield><datafield ind1=" " ind2="0" tag="651"><subfield code="a">Whitehall (N.Y.)</subfield><subfield code="v">Newspapers.</subfield></datafield><datafield ind1=" " ind2="0" tag="651"><subfield code="a">Washington County (N.Y.)</subfield><subfield code="v">Newspapers.</subfield></datafield><datafield ind1=" " ind2="7" tag="655"><subfield code="a">Newspapers.</subfield><subfield code="2">fast</subfield><subfield code="0">(OCoLC)fst01423814</subfield></datafield><datafield ind1=" " ind2="7" tag="651"><subfield code="a">New York (State)</subfield><subfield code="z">Washington County.</subfield><subfield code="2">fast</subfield><subfield code="0">(OCoLC)fst01220667</subfield></datafield><datafield ind1=" " ind2="7" tag="651"><subfield code="a">New York (State)</subfield><subfield code="z">Whitehall.</subfield><subfield code="2">fast</subfield><subfield code="0">(OCoLC)fst01232615</subfield></datafield><datafield ind1=" " ind2=" " tag="752"><subfield code="a">United States</subfield><subfield code="b">New York</subfield><subfield code="c">Washington</subfield><subfield code="d">Whitehall.</subfield></datafield><datafield ind1="1" ind2="0" tag="780"><subfield code="t">Washington County news (Whitehall, N.Y.)</subfield><subfield code="w">(DLC)sn 83031734</subfield><subfield code="w">(OCoLC)10035298</subfield></datafield><datafield ind1="0" ind2="4" tag="785"><subfield code="t">Whitehall times (Whitehall, N.Y. : 1860)</subfield><subfield code="w">(DLC)sn 84031327</subfield><subfield code="w">(OCoLC)10849357</subfield></datafield></record>